@article{tjk2024deep,
    author = {TJ Kiely},
    journal = {AI \& Data Analytics},
    title = {The Fundamentals of Deep Learning},
    year = {2024},
    url = {https://www.meltwater.com/en/blog/fundamentals-of-deep-learning}
}

@manual{github-char-rnn,
    author = {karpathy},
    title = {char-rnn},
    year = {2015},
    url = {https://github.com/karpathy/char-rnn}
}

@article{ibm-nn,
    author = {IBM},
    journal = {neural networks},
    title = {¿Qué es una red neuronal?},
    year = {2024},
    url = {https://www.ibm.com/es-es/topics/natural-language-processing}
}

@article{ibm-ml,
    author = {IBM},
    journal = {Machine Learning},
    title = {¿Qué es el Machine Learning (ML)?},
    year = {2024},
    url = {https://www.ibm.com/es-es/topics/natural-language-processing}
}

@article{ibm-pln,
    author = {IBM},
    journal = {Procesamiento del lenguaje natural},
    title = {¿Qué es el Procesamiento del Lenguaje Natural (PLN)?},
    year = {2024},
    url = {https://www.ibm.com/es-es/topics/natural-language-processing}
}

@article{ibm-sr,
    author = {IBM},
    journal = {Reconocimiento de voz},
    title = {¿Qué es el Reconocimiento de voz?},
    year = {2024},
    url = {https://www.ibm.com/es-es/topics/speech-recognition}
}

@article{ibm-cnn,
    author = {IBM},
    journal = {redes neuronales convolucionales},
    title = {¿Que son las redes neuronales convolucionales?},
    year = {2024},
    url = {https://www.ibm.com/es-es/topics/convolutional-neural-networks}
}

@article{g4gdp,
    author = {saumyasaxena2730},
    title = {Introduction to Deep Learning},
    year = {2024},
    url = {https://www.geeksforgeeks.org/introduction-deep-learning/},
}